<?xml version="1.0" encoding="UTF-8"?><collection xmlns="http://www.loc.gov/MARC21/slim"><record><leader>00374nam--2200145-i-4500</leader><controlfield tag="001">000005532</controlfield><controlfield tag="002">20161230</controlfield><controlfield tag="005">20170128004513</controlfield><controlfield tag="008">060222s1000------------r-----000-0-eng-d</controlfield><datafield ind1=" " ind2=" " tag="100"><subfield code="a">Choppin, Gregory R</subfield></datafield><datafield ind1=" " ind2=" " tag="245"><subfield code="a">The radiochemistry of rhodium</subfield></datafield><datafield ind1=" " ind2=" " tag="260"><subfield code="a">Washington</subfield><subfield code="b">U.S.Atomic Energy Commission</subfield><subfield code="c">1960</subfield></datafield><datafield ind1=" " ind2=" " tag="300"><subfield code="a">32 p</subfield></datafield><datafield ind1=" " ind2=" " tag="852"><subfield code="a">16281</subfield></datafield><datafield ind1=" " ind2=" " tag="CAT"><subfield code="a">SYS</subfield><subfield code="c">20170128</subfield><subfield code="h">004513</subfield></datafield></record></collection>